

@article{Edesess2016,
author = {Michael Edesess},
title = {The Academic Failure to Understand
Rebalancing},
journal = {Advisor Perspectives},
year = {2016}
}

@article{Edesess2014,
author = {Michael Edesess},
title = {Does Rebalancing Really Pay Off??},
journal = {Advisor Perspectives},
year = {2014}
}

@article{Kitces2015,
author = {Michael Kitces},
title = {Rebalancing Revisited},
journal = {Advisor Perspectives},
year = {2015}
}

@article{wise1996,
  title={The investment return from a portfolio with a dynamic rebalancing policy},
  author={Wise, AJ},
  journal={British Actuarial Journal},
  volume={2},
  number={4},
  pages={975--1001},
  year={1996},
  publisher={Cambridge University Press}
}


@techreport{gabay2007,
  title={Benchmarking and rebalancing},
  author={Gabay, Daniel and Herlemont, Daniel},
  year={2007},
  institution={Working paper}
}

@article{bouchey2012,
  title={Volatility harvesting: Why does diversifying and rebalancing create portfolio growth?},
  author={Bouchey, Paul and Nemtchinov, Vassilii and Paulsen, Alex and Stein, David M},
  journal={The Journal of Wealth Management},
  volume={15},
  number={2},
  pages={26--35},
  year={2012}
}

@article{cuthbertson2016,
  title={What Does Rebalancing Really Achieve?},
  author={Cuthbertson, Keith and Hayley, Simon and Motson, Nick and Nitzsche, Dirk},
  journal={International Journal of Finance \& Economics},
  volume={21},
  number={3},
  pages={224--240},
  year={2016},
  publisher={Wiley Online Library}
}


@article{krokhmal2002risk,
  title={Risk management for hedge fund portfolios: a comparative analysis of linear rebalancing strategies},
  author={Krokhmal, Pavlo and Uryasev, Stanislav and Zrazhevsky, Grigory},
  journal={The Journal of Alternative Investments},
  volume={5},
  number={1},
  pages={10--29},
  year={2002},
  publisher={Institutional Investor Journals}
}

@article{evans2005harnessing,
  title={Harnessing the state: rebalancing strategies for monitoring and motivation},
  author={Evans, Peter},
  journal={States and Development},
  pages={26},
  year={2005},
  publisher={Springer}
}

@article{mulvey2002rebalancing,
  title={Rebalancing strategies for long-term investors},
  author={Mulvey, John M and Simsek, Koray D},
  journal={Applied Optimization},
  volume={74},
  pages={15--31},
  year={2002},
  publisher={KLUWER ACADEMIC}
}

@article{eakins2007examination,
  title={An examination of alternative portfolio rebalancing strategies applied to sector funds},
  author={Eakins, Stanley G and Stansell, Stanley},
  journal={Journal of Asset Management},
  volume={8},
  number={1},
  pages={1--8},
  year={2007},
  publisher={Springer}
}

@article{donohue2003optimal,
  title={Optimal portfolio rebalancing with transaction costs},
  author={Donohue, Christopher and Yip, Kenneth},
  journal={The Journal of Portfolio Management},
  volume={29},
  number={4},
  pages={49--63},
  year={2003},
  publisher={Institutional Investor Journals}
}

@article{buetow2002benefits,
  title={The benefits of rebalancing},
  author={Buetow Jr, Gerald W and Sellers, Ronald and Trotter, Donald and Hunt, Elaine and Whipple Jr, Willie A},
  journal={The Journal of Portfolio Management},
  volume={28},
  number={2},
  pages={23--32},
  year={2002},
  publisher={Institutional Investor Journals}
}

@article{tokat2007portfolio,
  title={Portfolio rebalancing in theory and practice},
  author={Tokat, Yesim and Wicas, Nelson W},
  journal={The Journal of Investing},
  volume={16},
  number={2},
  pages={52--59},
  year={2007},
  publisher={Institutional Investor Journals}
}

@article{dichtl2014value,
  title={Where is the value added of rebalancing? A systematic comparison of alternative rebalancing strategies},
  author={Dichtl, Hubert and Drobetz, Wolfgang and Wambach, Martin},
  journal={Financial Markets and Portfolio Management},
  volume={28},
  number={3},
  pages={209--231},
  year={2014},
  publisher={Springer}
}

@article{bernstein1996rebalancing,
  title={The rebalancing bonus: theory and practice},
  author={Bernstein, William J},
  journal={The Efficient Frontier},
  year={1996}
}


